@article{naimi2017challenges,
  title={Challenges in Obtaining Valid Causal Effect Estimates with Machine Learning Algorithms},
  author={Naimi, Ashley I and Mishler, Alan E and Kennedy, Edward H},
  journal={arXiv preprint arXiv:1711.07137},
  year={2017}
}

@article{zivich2020machine,
  title={Machine learning for causal inference: on the use of cross-fit estimators},
  author={Zivich, Paul N and Breskin, Alexander},
  journal={Epidemiology, doi: 10.1097/EDE.0000000000001332},
  year={2021}
}

@article{schneeweiss2018automated,
  title={Automated data-adaptive analytics for electronic healthcare data to study causal treatment effects},
  author={Schneeweiss, Sebastian},
  journal={Clinical epidemiology},
  volume={10},
  pages={771--778},
  year={2018},
  publisher={Dove Press}
}

@article{karim2018can,
  title={Can we train machine learning methods to outperform the high-dimensional propensity score algorithm?},
  author={Karim, Mohammad Ehsanul and Pang, Menglan and Platt, Robert W},
  journal={Epidemiology},
  volume={29},
  number={2},
  pages={191--198},
  year={2018},
  publisher={Wolters Kluwer}
}

@misc{weberpals2021deep,
  title={Deep learning-based propensity scores for confounding control in comparative effectiveness research: A large-scale, real-world data study},
  author={Weberpals, Janick and Becker, Tim and Davies, Jessica and Schmich, Fabian and R{\"u}ttinger, Dominik and Theis, Fabian J and Bauer-Mehren, Anna},
  journal={Epidemiology, doi: 10.1097/EDE.0000000000001338},
  year={2021}
}